<record xmlns:xsi="http://www.w3.org/2001/XMLSchema-instance" xmlns="http://www.loc.gov/MARC21/slim" xsi:schemaLocation="http://www.loc.gov/MARC21/slim http://www.loc.gov/standards/marcxml/schema/MARC21slim.xsd">

  <leader>00488nam a2200145Ia 4500</leader>
  <datafield ind1=" " tag="999" ind2=" ">
    <subfield code="c">1322</subfield>
    <subfield code="d">1322</subfield>
  </datafield>
  <controlfield tag="008">170609b1989    us ||||| |||| 00| | spa d</controlfield>
  <datafield ind1=" " ind2=" " tag="090">
    <subfield code="a">05.01.01 </subfield>
    <subfield code="b">192</subfield>
  </datafield>
  <datafield ind1="1" ind2=" " tag="100">
    <subfield code="a">Hammersley, Martyn</subfield>
    <subfield code="9">2914</subfield>
  </datafield>
  <datafield tag="245" ind2="4" ind1="1">
    <subfield code="a">The dilemma of qualitative method : Herbert Blumer and the Chicago tradition / </subfield>
    <subfield code="c">Martyn Hammersley</subfield>
  </datafield>
  <datafield ind2=" " tag="260" ind1=" ">
    <subfield code="a">New York, Estados Unidos : </subfield>
    <subfield code="b">ROUTLEDGE, </subfield>
    <subfield code="c">1989</subfield>
  </datafield>
  <datafield ind2=" " tag="300" ind1=" ">
    <subfield code="a">263 páginas</subfield>
  </datafield>
  <datafield tag="650" ind2="4" ind1="1">
    <subfield code="a">SOCIOLOGÍA</subfield>
    <subfield code="9">335</subfield>
  </datafield>
  <datafield ind2="4" tag="650" ind1="1">
    <subfield code="a">INVESTIGACIÓN CUALITATIVA</subfield>
    <subfield code="9">317</subfield>
  </datafield>
  <datafield ind1=" " tag="942" ind2=" ">
    <subfield code="2">z</subfield>
    <subfield code="c">01</subfield>
  </datafield>
</record>